%% Created using Papers on Fri, 08 Dec 2017.
%% http://papersapp.com/papers/

@article{thorpe1968,
author = {Thorpe, S A},
title = {{On the shape of progressive internal waves}},
journal = {Philos. Trans. Royal Soc. A},
year = {1968},
volume = {263},
number = {1145},
pages = {563--614},
month = dec,
annote = {His extra f_2(z) in the constant stratification solution on page 588 is very curious. It fouls him up from noting that the solution is exact. I guess?}
}

@article{Orlanski:1972wt,
author = {Orlanski, Isidoro},
title = {{On the breaking of standing internal gravity waves}},
year = {1972},
pages = {1--27}
}

@article{Anonymous:thhkCyWZ,
title = {{Corrigendum: Excitation of superharmonics by internal modes in a non-uniformly stratified fluid}},
year = {2016},
pages = {1--2},
month = mar
}

@article{Sanderson:1988fc,
author = {Sanderson, Brian G and Okubo, Akira},
title = {{Diffusion by internal waves}},
journal = {J. Geophys. Res.},
year = {1988},
volume = {93},
number = {C4},
pages = {3570}
}

@incollection{LeBlond:1978vl,
author = {LeBlond, Paul H and Lawrence, A Mysak},
title = {{Waves ln the 0cean}},
year = {1978},
pages = {1--130}
}

@article{tabaei2003-jfm,
author = {Tabaei, Ali and Akylas, T R},
title = {{Nonlinear internal gravity wave beams}},
journal = {J. Fluid Mech.},
year = {2003},
volume = {482},
pages = {141--161},
month = may
}

@article{holmescerfon2011-jfm,
author = {Holmes-Cerfon, Miranda and B{\"u}hler, Oliver and Ferrari, Raffaele},
title = {{Particle dispersion by random waves in the rotating Boussinesq system}},
journal = {J. Fluid Mech.},
year = {2011},
volume = {670},
pages = {150--175},
month = jan
}

@book{cushman2011-book,
author = {Cushman-Roisin, Benoit and Beckers, Jean-Marie},
title = {{Introduction to Geophysical Fluid Dynamics: Physical and Numerical Aspects}},
publisher = {Academic Press},
year = {2011},
volume = {101}
}

@article{Gil:2011vk,
author = {Gil, G T C and Fringer, O B},
title = {{Lagrangian- and Eulerian-mean effects in progressive internal gravity waves}},
year = {2011},
pages = {1--36},
month = jun
}

@article{Andrews:1978fg,
author = {Andrews, D G and McIntyre, M E},
title = {{An exact theory of nonlinear waves on a Lagrangian-mean flow}},
journal = {J. Fluid Mech.},
year = {1978},
volume = {89},
number = {04},
pages = {609--646},
month = dec
}

@article{diamessis2014-dao,
author = {Diamessis, P J and Wunsch, S and Delwiche, I and Richter, M P},
title = {{Nonlinear generation of harmonics through the interaction of an internal wave beam with a model oceanic pycnocline}},
journal = {Dyn. Atmos. Oceans},
year = {2014},
volume = {66},
pages = {110--137},
month = jun
}

@article{Sanderson1985-jfm,
author = {Sanderson, Brian},
title = {{A Lagrangian solution for internal waves}},
journal = {J. Fluid Mech.},
year = {1985},
volume = {152},
pages = {191--202}
}

@article{Wunsch:2017df,
author = {Wunsch, Scott},
title = {{Harmonic generation by nonlinear self-interaction of a single internal wave mode}},
journal = {J. Fluid Mech.},
year = {2017},
volume = {828},
pages = {630--647},
month = oct
}

@article{tabaei2005-jfm,
author = {Tabaei, Ali and Akylas, T R and Lamb, Kevin G},
title = {{Nonlinear effects in reflecting and colliding internal wave beams}},
journal = {J. Fluid Mech.},
year = {2005},
volume = {526},
pages = {217--243}
}

